@article{peng2006information,
  title={Information extraction from research papers using conditional random fields},
  author={Peng, Fuchun and McCallum, Andrew},
  journal={Information processing \& management},
  volume={42},
  number={4},
  pages={963--979},
  year={2006},
  publisher={Elsevier}
}
